<?xml version="1.0" encoding="UTF-8"?><collection xmlns="http://www.loc.gov/MARC21/slim"><record><leader>00810nam--2200181-i-4500</leader><controlfield tag="001">000043371</controlfield><controlfield tag="002">20161230</controlfield><controlfield tag="005">20161230201044</controlfield><controlfield tag="008">060222s1000------------r-----000-0-eng-d</controlfield><datafield ind1=" " ind2=" " tag="040"><subfield code="a">IFIN-HH</subfield></datafield><datafield ind1=" " ind2=" " tag="080"><subfield code="a">533.9:621.039(061.3)</subfield></datafield><datafield ind1="1" ind2=" " tag="110"><subfield code="a">American Institute of Aeronautics and Astronautics</subfield></datafield><datafield ind1="1" ind2="0" tag="245"><subfield code="a">2nd symposium on uranium plasmas: research and applications, atlanta, georgia, november 15-17, 1971</subfield><subfield code="b">A collection of technical papers</subfield></datafield><datafield ind1=" " ind2=" " tag="260"><subfield code="a">New York, American Institute Of Aeronautics And Astronautics, 1971</subfield></datafield><datafield ind1=" " ind2=" " tag="300"><subfield code="a">VI + 290 P</subfield></datafield><datafield ind1=" " ind2=" " tag="500"><subfield code="a">Sponsored by American Institute of Aeronautics and Astronautics (AIAA), American Nuclear Society (ANS), Georgia Institute of Technology, National Aeronautics and Space Administration (NASA)</subfield></datafield><datafield ind1=" " ind2=" " tag="852"><subfield code="a">76180</subfield><subfield code="c">533.9</subfield></datafield><datafield ind1=" " ind2=" " tag="CAT"><subfield code="a">Sys</subfield><subfield code="c">20101002</subfield><subfield code="h">113144</subfield></datafield></record></collection>